% Encoding: windows-1252

@ARTICLE{Doll1954,
  author = {Doll, Richard and Hill, A Bradford},
  title = {The mortality of doctors in relation to their smoking habits: a preliminary report},
  journal = {British Medical Journal},
  year = {1954},
  volume = {328},
  pages = {1529-1533},
  number = {7455},
  owner = {jbuy519},
  timestamp = {2014.03.28}
}

@BOOK{Moore2002,
  title = {Introduction to the Practice of Statistics},
  publisher = {W. H. Freeman},
  year = {2002},
  author = {Moore, David and McCabe, George},
  owner = {jbuy519},
  timestamp = {2014.01.28}
}

@BOOK{Smits2011,
  title = {Onderzoek met SPSS en Excel},
  publisher = {Pearson Education},
  year = {2011},
  author = {Smits, Johan and Edens, Ronald},
  owner = {jbuy519},
  timestamp = {2014.01.23}
}

@MastersThesis{Akin2016,
  author    = {Akin, \"Ozg\"ur},
  title     = {Performantie van persistentiemogelijkheden in Android},
  year      = {2016},
  type      = {Bachelorproef},
  url       = {http://tinfbo2.hogent.be/nativeapps/pdf/akinOzgur_2016.pdf},
  urldate   = {2017-02-21},
  abstract  = {Vandaag de dag bestaan er veel applicaties, maar hoeveel daarvan blijven werken zonder internetverbinding? Tegenwoordig is het ondersteunen van offline werking in een applicatie geen luxe meer, maar een must-have. Om offline-support te voorzien binnen een applicatie, is er nood aan het gebruik van een database. Hierdoor zijn databases belangrijk binnen de IT-sector. Er bestaan verschillende soorten databases, maar welke moet men gebruiken? Welke is het meest geschikt bij een bepaalde soort applicatie? De keuze van de database kan een grote invloed hebben op verschillende eigenschappen: performantie, opstartsnelheid, CPU-gebruik,.. Volgende vragen worden beantwoord binnen dit onderzoek: wat is de invloed van de gekozen database op de opstartsnelheid, wat is de invloed van de gekozen database op het CPU-gebruik, wat is de gemiddelde snelheid van de gekozen database bij het toevoegen van records aan de database?},
  owner     = {bert},
  school    = {Hogeschool Gent},
  timestamp = {2017-02-21},
}

@Article{Anscombe1973,
  author    = {Anscombe, F. J.},
  title     = {Graphs in Statistical Analysis},
  journal   = {The American Statistician},
  year      = {1973},
  volume    = {27},
  number    = {1},
  pages     = {17--21},
  doi       = {10.2307/2682899},
  url       = {http://www.jstor.org/stable/2682899},
  abstract  = {Graphs are essential to good statistical analysis. Ordinary scatterplots and ``triple'' scatterplots are discussed in relation to regression analysis.},
  keywords  = {Datasets, Statistics, Statistical analysis, Linear regression, Statistical graphs, Regression analysis, Outliers, Statistical variance, Data lines, Regression coefficients},
  owner     = {bert},
  timestamp = {2017-02-21},
}

@Electronic{Lindquist,
  author    = {Lindquist, Martin A.},
  title     = {One and Two-sample t-tests},
  url       = {http://www.stat.columbia.edu/~martin/W2024/R2.pdf},
  urldate   = {2017-03-07},
  owner     = {bert},
  timestamp = {2017-03-07},
}

@Article{Ryan1998,
  author    = {Ryan, CM and Northrop-Clewes, C and Knox, B and Thurnham, David},
  title     = {The effect of in-store music on consumer choice of wine},
  journal   = {Proceedings of the Nutrition Society},
  year      = {1998},
  volume    = {57},
  number    = {4},
  pages     = {169a},
  owner     = {bert},
  timestamp = {2017-03-21},
}
@Comment{jabref-meta: databaseType:bibtex;}
